
@inproceedings{lyu_detecting_2002,
	title = {Detecting hidden messages using higher-order statistics and support vector machines},
	url = {http://link.springer.com/chapter/10.1007/3-540-36415-3_22},
	urldate = {2016-06-03},
	booktitle = {Information {Hiding}},
	publisher = {Springer},
	author = {Lyu, Siwei and Farid, Hany},
	year = {2002},
	pages = {340--354},
	file = {EN-Detecting Hidden Messages Using Higher-Order Statistics and Support Vector Machines.pdf:/home/possatti/.mozilla/firefox/os7jn833.default/zotero/storage/SEP6XK9G/EN-Detecting Hidden Messages Using Higher-Order Statistics and Support Vector Machines.pdf:application/pdf}
}

@article{fedorov_detection_????,
	title = {Detection of {DCT} {Coefficient} {Modulation} {Schemes} in {JPEG} {Images}},
	url = {https://www.researchgate.net/profile/Alexey_Fedorov2/publication/301957256_Detection_of_DCT_Coefficient_Modulation_Schemes_in_JPEG_Images/links/572cc3b908aee02297597af8.pdf},
	urldate = {2016-06-03},
	author = {Fedorov, Oleksii and Rubel, Andrii and Omelchenko, Anatolii},
	file = {572cc3b908aee02297597af8.pdf:/home/possatti/.mozilla/firefox/os7jn833.default/zotero/storage/4XQU95D8/572cc3b908aee02297597af8.pdf:application/pdf}
}

@article{cheddad_digital_2010,
	title = {Digital image steganography: {Survey} and analysis of current methods},
	volume = {90},
	shorttitle = {Digital image steganography},
	url = {http://www.sciencedirect.com/science/article/pii/S0165168409003648},
	number = {3},
	urldate = {2016-06-07},
	journal = {Signal processing},
	author = {Cheddad, Abbas and Condell, Joan and Curran, Kevin and Mc Kevitt, Paul},
	year = {2010},
	pages = {727--752},
	file = {Digital Image Steganography - Survey and Analysis of Current Methods.pdf:/home/possatti/.mozilla/firefox/os7jn833.default/zotero/storage/B5UXJHNB/Digital Image Steganography - Survey and Analysis of Current Methods.pdf:application/pdf}
}

@inproceedings{westfeld_f5steganographic_2001,
	title = {F5â€”a steganographic algorithm},
	url = {http://link.springer.com/chapter/10.1007/3-540-45496-9_21},
	urldate = {2016-06-07},
	booktitle = {Information hiding},
	publisher = {Springer},
	author = {Westfeld, Andreas},
	year = {2001},
	pages = {289--302},
	file = {F5 Steganography.pdf:/home/possatti/.mozilla/firefox/os7jn833.default/zotero/storage/J7Z9CBRK/F5 Steganography.pdf:application/pdf}
}

@article{provos_hide_2003,
	title = {Hide and seek: {An} introduction to steganography},
	volume = {1},
	shorttitle = {Hide and seek},
	url = {http://ieeexplore.ieee.org/xpls/abs_all.jsp?arnumber=1203220},
	number = {3},
	urldate = {2016-06-05},
	journal = {Security \& Privacy, IEEE},
	author = {Provos, Niels and Honeyman, Peter},
	year = {2003},
	pages = {32--44},
	file = {practical.pdf:/home/possatti/.mozilla/firefox/os7jn833.default/zotero/storage/3H6IRX5R/practical.pdf:application/pdf}
}

@article{kumara_j3:_????,
	title = {J3: {Steganography} and {Steganalysis} of a {Histogram} {Neutral} {JPEG} {Embedding} {Algorithm}},
	shorttitle = {J3},
	url = {https://www.researchgate.net/profile/Richard_Newman4/publication/228959655_J3_Steganography_and_Steganalysis_of_a_Histogram_Neutral_JPEG_Embedding_Algorithm/links/545249c00cf285a067c775ac.pdf},
	urldate = {2016-06-03},
	author = {Kumara, Mahendra and Newmana, Richard E.},
	file = {j3_9.pdf:/home/possatti/.mozilla/firefox/os7jn833.default/zotero/storage/HI8U8XE9/j3_9.pdf:application/pdf}
}

@inproceedings{pevny_merging_2007,
	title = {Merging {Markov} and {DCT} features for multi-class {JPEG} steganalysis},
	url = {http://proceedings.spiedigitallibrary.org/proceeding.aspx?articleid=1298978},
	urldate = {2016-06-07},
	booktitle = {Electronic {Imaging} 2007},
	publisher = {International Society for Optics and Photonics},
	author = {Pevny, Tomas and Fridrich, Jessica},
	year = {2007},
	pages = {650503--650503},
	file = {Pev07-SPIE.pdf:/home/possatti/.mozilla/firefox/os7jn833.default/zotero/storage/EP759GS2/Pev07-SPIE.pdf:application/pdf}
}

@article{sencar_performance_2006,
	title = {Performance study of common image steganography and steganalysis techniques},
	volume = {15},
	issn = {1017-9909},
	url = {http://electronicimaging.spiedigitallibrary.org/article.aspx?doi=10.1117/1.2400672},
	doi = {10.1117/1.2400672},
	language = {en},
	number = {4},
	urldate = {2016-06-03},
	journal = {Journal of Electronic Imaging},
	author = {Sencar, Husrev T.},
	month = oct,
	year = {2006},
	pages = {041104},
	file = {2006_performance study.pdf:/home/possatti/.mozilla/firefox/os7jn833.default/zotero/storage/NIN767PP/2006_performance study.pdf:application/pdf}
}

@inproceedings{fridrich_steganalysis_2001,
	title = {Steganalysis based on {JPEG} compatibility},
	url = {http://proceedings.spiedigitallibrary.org/proceeding.aspx?articleid=895847},
	urldate = {2016-06-07},
	booktitle = {{ITCom} 2001: {International} {Symposium} on the {Convergence} of {IT} and {Communications}},
	publisher = {International Society for Optics and Photonics},
	author = {Fridrich, Jessica and Goljan, Miroslav and Du, Rui},
	year = {2001},
	pages = {275--280},
	file = {jpgstego01.pdf:/home/possatti/.mozilla/firefox/os7jn833.default/zotero/storage/X2X2W2NZ/jpgstego01.pdf:application/pdf}
}

@misc{benedikt_boehm_stegexpose_????,
	title = {{StegExpose}},
	url = {https://github.com/b3dk7/StegExpose/raw/master/dissertation.pdf},
	author = {{Benedikt Boehm}},
	file = {dissertation.pdf:/home/possatti/.mozilla/firefox/os7jn833.default/zotero/storage/NGTITCWV/dissertation.pdf:application/pdf}
}

@article{boehm_stegexpose-tool_2014,
	title = {{StegExpose}-{A} {Tool} for {Detecting} {LSB} {Steganography}},
	url = {http://arxiv.org/abs/1410.6656},
	urldate = {2016-06-05},
	journal = {arXiv preprint arXiv:1410.6656},
	author = {Boehm, Benedikt},
	year = {2014},
	file = {1410.6656v1.pdf:/home/possatti/.mozilla/firefox/os7jn833.default/zotero/storage/UADISS84/1410.6656v1.pdf:application/pdf}
}

@article{boehm_stegexpose-tool_2014-1,
	title = {{StegExpose}-{A} {Tool} for {Detecting} {LSB} {Steganography}},
	url = {http://arxiv.org/abs/1410.6656},
	urldate = {2016-06-06},
	journal = {arXiv preprint arXiv:1410.6656},
	author = {Boehm, Benedikt},
	year = {2014},
	file = {1410.6656v1.pdf:/home/possatti/.mozilla/firefox/os7jn833.default/zotero/storage/GA57HMAF/1410.6656v1.pdf:application/pdf}
}